% Encoding: UTF-8

@inproceedings{DBLP:conf/ac/Ghahramani03,
	author    = {Zoubin Ghahramani},
	editor    = {Olivier Bousquet and
	Ulrike von Luxburg and
	Gunnar R{\"{a}}tsch},
	title     = {Unsupervised Learning},
	booktitle = {Advanced Lectures on Machine Learning, {ML} Summer Schools 2003, Canberra,
	Australia, February 2-14, 2003, T{\"{u}}bingen, Germany, August
	4-16, 2003, Revised Lectures},
	series    = {Lecture Notes in Computer Science},
	volume    = {3176},
	pages     = {72--112},
	publisher = {Springer},
	year      = {2003},
	timestamp = {Tue, 14 May 2019 10:00:49 +0200},
	biburl    = {https://dblp.org/rec/conf/ac/Ghahramani03.bib},
	bibsource = {dblp computer science bibliography, https://dblp.org}
}

@article{DBLP:journals/corr/abs-1207-0580,
	author    = {Geoffrey E. Hinton and
	Nitish Srivastava and
	Alex Krizhevsky and
	Ilya Sutskever and
	Ruslan Salakhutdinov},
	title     = {Improving neural networks by preventing co-adaptation of feature detectors},
	journal   = {CoRR},
	volume    = {abs/1207.0580},
	year      = {2012},
	eprint    = {1207.0580},
	timestamp = {Mon, 13 Aug 2018 16:46:10 +0200},
	biburl    = {https://dblp.org/rec/journals/corr/abs-1207-0580.bib},
	bibsource = {dblp computer science bibliography, https://dblp.org}
}

@misc{bpichallenge2016,
	author = {Marcus Dees and Boudewijn F. van Dongen},
	year = {2016},
	title = {{BPI} {C}hallenge 2016},
	url = {https://data.4tu.nl/collections/BPI_Challenge_2016/5065538},
	note = {Accessed = 2020-09-12} 
}

@Article{textminingissues,
  author  = {Talib, Ramzan and Kashif, Muhammad and Ayesha, Shaeela and Fatima, Fakeeha},
  journal = {International Journal of Advanced Computer Science and Applications},
  title   = {Text Mining: Techniques, Applications and Issues},
  year    = {2016},
  volume  = {7},
}

@book{predinf,
	author = {Seymour Geisser},
	year = {1993},
	title = {Predictive inference: An introduction},
	publisher = {Chapman and Hall},
}

@article{Brier1950VERIFICATIONOF,
	title={VERIFICATION OF FORECASTS EXPRESSED IN TERMS OF PROBABILITY},
	author={G. W. Brier},
	journal={Monthly Weather Review},
	year={1950},
	volume={78},
	pages={1-3}
}

@misc{chollet2015keras,
	author = {Chollet, Fran√ßois},
	title = {Keras},
	year = {2015},
	publisher = {GitHub},
	journal = {GitHub repository},
	howpublished = {\url{https://github.com/fchollet/keras}}
}

@Book{python,
  author    = {Van Rossum, Guido and Drake, Fred L.},
  publisher = {CreateSpace},
  title     = {Python 3 Reference Manual},
  year      = {2009},
  address   = {Scotts Valley, CA},
}

@Book{DBLP:books/daglib/0022921,
  author    = {Steven Bird and Ewan Klein and Edward Loper},
  publisher = {O'Reilly},
  title     = {Natural Language Processing with Python},
  year      = {2009},
  bibsource = {dblp computer science bibliography, https://dblp.org},
  biburl    = {https://dblp.org/rec/books/daglib/0022921.bib},
  timestamp = {Wed, 09 Feb 2011 09:29:21 +0100},
}

@Article{DBLP:journals/corr/abs-1905-06169,
  author        = {Alessandro Berti and Sebastiaan J. van Zelst and Wil M. P. van der Aalst},
  journal       = {CoRR},
  title         = {Process Mining for Python (PM4Py): Bridging the Gap Between Process- and Data Science},
  year          = {2019},
  volume        = {abs/1905.06169},
  archiveprefix = {arXiv},
  bibsource     = {dblp computer science bibliography, https://dblp.org},
  biburl        = {https://dblp.org/rec/journals/corr/abs-1905-06169.bib},
  eprint        = {1905.06169},
  timestamp     = {Tue, 28 May 2019 12:48:08 +0200},
}

@Article{DBLP:journals/corr/AbadiABBCCCDDDG16,
  author        = {Mart{\'{\i}}n Abadi and Ashish Agarwal and Paul Barham and Eugene Brevdo and Zhifeng Chen and Craig Citro and Gregory S. Corrado and Andy Davis and Jeffrey Dean and Matthieu Devin and Sanjay Ghemawat and Ian J. Goodfellow and Andrew Harp and Geoffrey Irving and Michael Isard and Yangqing Jia and Rafal J{\'{o}}zefowicz and Lukasz Kaiser and Manjunath Kudlur and Josh Levenberg and Dan Man{\'{e}} and Rajat Monga and Sherry Moore and Derek Gordon Murray and Chris Olah and Mike Schuster and Jonathon Shlens and Benoit Steiner and Ilya Sutskever and Kunal Talwar and Paul A. Tucker and Vincent Vanhoucke and Vijay Vasudevan and Fernanda B. Vi{\'{e}}gas and Oriol Vinyals and Pete Warden and Martin Wattenberg and Martin Wicke and Yuan Yu and Xiaoqiang Zheng},
  journal       = {CoRR},
  title         = {TensorFlow: Large-Scale Machine Learning on Heterogeneous Distributed Systems},
  year          = {2016},
  volume        = {abs/1603.04467},
  archiveprefix = {arXiv},
  bibsource     = {dblp computer science bibliography, https://dblp.org},
  biburl        = {https://dblp.org/rec/journals/corr/AbadiABBCCCDDDG16.bib},
  eprint        = {1603.04467},
  timestamp     = {Mon, 13 Aug 2018 16:47:09 +0200},
}

@InProceedings{rehurek_lrec,
  author    = {Radim {\v R}eh{\r u}{\v r}ek and Petr Sojka},
  booktitle = {{Proceedings of the LREC 2010 Workshop on New Challenges for NLP Frameworks}},
  title     = {{Software Framework for Topic Modelling with Large Corpora}},
  year      = {2010},
  pages     = {45--50},
  publisher = {ELRA},
}

@Article{DBLP:journals/jmlr/PedregosaVGMTGBPWDVPCBPD11,
  author    = {Fabian Pedregosa and Ga{\"{e}}l Varoquaux and Alexandre Gramfort and Vincent Michel and Bertrand Thirion and Olivier Grisel and Mathieu Blondel and Peter Prettenhofer and Ron Weiss and Vincent Dubourg and Jake VanderPlas and Alexandre Passos and David Cournapeau and Matthieu Brucher and Matthieu Perrot and Edouard Duchesnay},
  journal   = {J. Mach. Learn. Res.},
  title     = {Scikit-learn: Machine Learning in Python},
  year      = {2011},
  pages     = {2825--2830},
  volume    = {12},
  bibsource = {dblp computer science bibliography, https://dblp.org},
  biburl    = {https://dblp.org/rec/journals/jmlr/PedregosaVGMTGBPWDVPCBPD11.bib},
  timestamp = {Wed, 10 Jul 2019 15:28:18 +0200},
}

@misc{datagrowth,
	author = {Jacquelyn Bulao},
	year = {2020},
	title = {How Much Data Is Created Every Day in 2020?},
	url = {https://web.archive.org/web/20200728232536/https://techjury.net/blog/how-much-data-is-created-every-day/},
	note = {Accessed = 2020-07-31} 
}

@inproceedings{dozat2016incorporating,
	title={Incorporating Nesterov Momentum into Adam},
	author={Timothy Dozat},
	year={2016}
}

@Article{DBLP:journals/corr/abs-1903-07288,
  author        = {Mahidhar Dwarampudi and N. V. Subba Reddy},
  journal       = {CoRR},
  title         = {Effects of padding on LSTMs and CNNs},
  year          = {2019},
  volume        = {abs/1903.07288},
  archiveprefix = {arXiv},
  bibsource     = {dblp computer science bibliography, https://dblp.org},
  biburl        = {https://dblp.org/rec/journals/corr/abs-1903-07288.bib},
  eprint        = {1903.07288},
  timestamp     = {Mon, 01 Apr 2019 14:07:37 +0200},
}

@Article{DBLP:journals/corr/BaKH16,
  author        = {Lei Jimmy Ba and Jamie Ryan Kiros and Geoffrey E. Hinton},
  journal       = {CoRR},
  title         = {Layer Normalization},
  year          = {2016},
  volume        = {abs/1607.06450},
  archiveprefix = {arXiv},
  bibsource     = {dblp computer science bibliography, https://dblp.org},
  biburl        = {https://dblp.org/rec/journals/corr/BaKH16.bib},
  eprint        = {1607.06450},
  timestamp     = {Tue, 23 Jul 2019 17:33:23 +0200},
}

@Article{DBLP:journals/tnn/BoseAZP14,
  author    = {R. P. Jagadeesh Chandra Bose and Wil M. P. van der Aalst and Indre Zliobaite and Mykola Pechenizkiy},
  journal   = {{IEEE} Trans. Neural Networks Learn. Syst.},
  title     = {Dealing With Concept Drifts in Process Mining},
  year      = {2014},
  number    = {1},
  pages     = {154--171},
  volume    = {25},
  bibsource = {dblp computer science bibliography, https://dblp.org},
  biburl    = {https://dblp.org/rec/journals/tnn/BoseAZP14.bib},
  timestamp = {Mon, 09 Mar 2020 15:51:30 +0100},
}

@InProceedings{DBLP:journals/corr/abs-1301-3781,
  author    = {Tomas Mikolov and Kai Chen and Greg Corrado and Jeffrey Dean},
  booktitle = {1st International Conference on Learning Representations, {ICLR} 2013, Scottsdale, Arizona, USA, May 2-4, 2013, Workshop Track Proceedings},
  title     = {Efficient Estimation of Word Representations in Vector Space},
  year      = {2013},
  editor    = {Yoshua Bengio and Yann LeCun},
  bibsource = {dblp computer science bibliography, https://dblp.org},
  biburl    = {https://dblp.org/rec/journals/corr/abs-1301-3781.bib},
  timestamp = {Thu, 25 Jul 2019 14:25:36 +0200},
}

@Article{DBLP:journals/jmlr/BengioDVJ03,
  author    = {Yoshua Bengio and R{\'{e}}jean Ducharme and Pascal Vincent and Christian Janvin},
  journal   = {J. Mach. Learn. Res.},
  title     = {A Neural Probabilistic Language Model},
  year      = {2003},
  pages     = {1137--1155},
  volume    = {3},
  bibsource = {dblp computer science bibliography, https://dblp.org},
  biburl    = {https://dblp.org/rec/journals/jmlr/BengioDVJ03.bib},
  timestamp = {Wed, 10 Jul 2019 15:28:33 +0200},
}

@Book{DBLP:books/daglib/0023820,
  author    = {Stuart J. Russell and Peter Norvig},
  publisher = {Pearson Education},
  title     = {Artificial Intelligence - {A} Modern Approach, Third International Edition},
  year      = {2010},
  bibsource = {dblp computer science bibliography, https://dblp.org},
  biburl    = {https://dblp.org/rec/books/daglib/0023820.bib},
  timestamp = {Mon, 15 Jul 2019 16:26:46 +0200},
}

@Book{DBLP:books/lib/JurafskyM09,
  author    = {Dan Jurafsky and James H. Martin},
  publisher = {Prentice Hall, Pearson Education International},
  title     = {Speech and language processing: an introduction to natural language processing, computational linguistics, and speech recognition, 2nd Edition},
  year      = {2009},
  series    = {Prentice Hall series in artificial intelligence},
  bibsource = {dblp computer science bibliography, https://dblp.org},
  biburl    = {https://dblp.org/rec/books/lib/JurafskyM09.bib},
  timestamp = {Wed, 03 May 2017 18:39:06 +0200},
}

@article{harris1954distributional,
	title={Distributional structure},
	author={Harris, Zellig S},
	journal={Word},
	volume={10},
	number={2-3},
	pages={146--162},
	year={1954},
	publisher={Taylor \& Francis}
}

@misc{lstm-blog,
	author = {Chris Olah},
	year = {2015},
	title = {Understanding {LSTM} Networks},
	url = {http://web.archive.org/web/20200528192048/http://colah.github.io/posts/2015-08-Understanding-LSTMs/},
	note = {Accessed = 2020-06-02} 
}

@InProceedings{DBLP:conf/icpm/ParkS19,
  author    = {Gyunam Park and Minseok Song},
  booktitle = {International Conference on Process Mining, {ICPM} 2019, Aachen, Germany, June 24-26, 2019},
  title     = {Prediction-based Resource Allocation using {LSTM} and Minimum Cost and Maximum Flow Algorithm},
  year      = {2019},
  pages     = {121--128},
  publisher = {{IEEE}},
  bibsource = {dblp computer science bibliography, https://dblp.org},
  biburl    = {https://dblp.org/rec/conf/icpm/ParkS19.bib},
  timestamp = {Wed, 15 Jan 2020 08:49:16 +0100},
}

@Article{DBLP:journals/nn/Schmidhuber15,
  author    = {J{\"{u}}rgen Schmidhuber},
  journal   = {Neural Networks},
  title     = {Deep learning in neural networks: An overview},
  year      = {2015},
  pages     = {85--117},
  volume    = {61},
  bibsource = {dblp computer science bibliography, https://dblp.org},
  biburl    = {https://dblp.org/rec/journals/nn/Schmidhuber15.bib},
  timestamp = {Wed, 14 Nov 2018 10:30:16 +0100},
}

@Article{DBLP:journals/jmlr/BleiNJ03,
  author    = {David M. Blei and Andrew Y. Ng and Michael I. Jordan},
  journal   = {J. Mach. Learn. Res.},
  title     = {Latent Dirichlet Allocation},
  year      = {2003},
  pages     = {993--1022},
  volume    = {3},
  bibsource = {dblp computer science bibliography, https://dblp.org},
  biburl    = {https://dblp.org/rec/journals/jmlr/BleiNJ03.bib},
  timestamp = {Wed, 10 Jul 2019 15:28:30 +0200},
}

@Article{DBLP:journals/coling/Mihalcea08,
  author    = {Rada Mihalcea},
  journal   = {Comput. Linguistics},
  title     = {\emph{The Text Mining Handbook: Advanced Approaches to Analyzing Unstructured Data} Ronen Feldman and James Sanger (Bar-Ilan University and {ABS} Ventures) Cambridge, England: Cambridge University Press, 2007, xii+410 pp; hardbound, {ISBN} 0-521-83657-3},
  year      = {2008},
  number    = {1},
  pages     = {125--127},
  volume    = {34},
  bibsource = {dblp computer science bibliography, https://dblp.org},
  biburl    = {https://dblp.org/rec/journals/coling/Mihalcea08.bib},
  timestamp = {Mon, 11 May 2020 15:46:09 +0200},
}

@Article{DBLP:journals/topnoc/Aalst09,
  author    = {Wil M. P. van der Aalst},
  journal   = {Trans. Petri Nets Other Model. Concurr.},
  title     = {Process-Aware Information Systems: Lessons to Be Learned from Process Mining},
  year      = {2009},
  pages     = {1--26},
  volume    = {2},
  bibsource = {dblp computer science bibliography, https://dblp.org},
  biburl    = {https://dblp.org/rec/journals/topnoc/Aalst09.bib},
  timestamp = {Fri, 13 Mar 2020 10:54:06 +0100},
}

@InProceedings{DBLP:conf/icsoc/Rogge-SoltiW13,
  author    = {Andreas Rogge{-}Solti and Mathias Weske},
  booktitle = {Service-Oriented Computing - 11th International Conference, {ICSOC} 2013, Berlin, Germany, December 2-5, 2013, Proceedings},
  title     = {Prediction of Remaining Service Execution Time Using Stochastic Petri Nets with Arbitrary Firing Delays},
  year      = {2013},
  editor    = {Samik Basu and Cesare Pautasso and Liang Zhang and Xiang Fu},
  pages     = {389--403},
  publisher = {Springer},
  series    = {Lecture Notes in Computer Science},
  volume    = {8274},
  bibsource = {dblp computer science bibliography, https://dblp.org},
  biburl    = {https://dblp.org/rec/conf/icsoc/Rogge-SoltiW13.bib},
  timestamp = {Tue, 14 May 2019 10:00:36 +0200},
}

@InProceedings{DBLP:conf/dis/CeciLFCM14,
  author    = {Michelangelo Ceci and Pasqua Fabiana Lanotte and Fabio Fumarola and Dario Pietro Cavallo and Donato Malerba},
  booktitle = {Discovery Science - 17th International Conference, {DS} 2014, Bled, Slovenia, October 8-10, 2014. Proceedings},
  title     = {Completion Time and Next Activity Prediction of Processes Using Sequential Pattern Mining},
  year      = {2014},
  editor    = {Saso Dzeroski and Pance Panov and Dragi Kocev and Ljupco Todorovski},
  pages     = {49--61},
  publisher = {Springer},
  series    = {Lecture Notes in Computer Science},
  volume    = {8777},
  bibsource = {dblp computer science bibliography, https://dblp.org},
  biburl    = {https://dblp.org/rec/conf/dis/CeciLFCM14.bib},
  keywords  = {rank5},
  ranking   = {rank5},
  timestamp = {Sun, 02 Jun 2019 21:27:23 +0200},
}

@InProceedings{DBLP:conf/colcom/PandeyNC11,
  author    = {Suraj Pandey and Surya Nepal and Shiping Chen},
  booktitle = {7th International Conference on Collaborative Computing: Networking, Applications and Worksharing, CollaborateCom 2011, Orlando, FL, USA, 15-18 October, 2011},
  title     = {A test-bed for the evaluation of business process prediction techniques},
  year      = {2011},
  editor    = {Dimitrios Georgakopoulos and James B. D. Joshi},
  pages     = {382--391},
  publisher = {{ICST} / {IEEE}},
  bibsource = {dblp computer science bibliography, https://dblp.org},
  biburl    = {https://dblp.org/rec/conf/colcom/PandeyNC11.bib},
  timestamp = {Mon, 18 Nov 2019 15:00:16 +0100},
}

@Article{rumelhart1986learning,
  author    = {Rumelhart, David E and Hinton, Geoffrey E and Williams, Ronald J},
  journal   = {Nature},
  title     = {Learning representations by back-propagating errors},
  year      = {1986},
  number    = {6088},
  pages     = {533--536},
  volume    = {323},
  publisher = {Nature Publishing Group},
}

@Article{DBLP:journals/tkdd/TeinemaaDRM19,
  author    = {Irene Teinemaa and Marlon Dumas and Marcello La Rosa and Fabrizio Maria Maggi},
  journal   = {{ACM} Trans. Knowl. Discov. Data},
  title     = {Outcome-Oriented Predictive Process Monitoring: Review and Benchmark},
  year      = {2019},
  number    = {2},
  pages     = {17:1--17:57},
  volume    = {13},
  bibsource = {dblp computer science bibliography, https://dblp.org},
  biburl    = {https://dblp.org/rec/journals/tkdd/TeinemaaDRM19.bib},
  timestamp = {Thu, 16 Apr 2020 13:58:46 +0200},
}

@InProceedings{DBLP:conf/bpm/VeitGMHT17,
  author    = {Fabian Veit and Jerome Geyer{-}Klingeberg and Julian Madrzak and Manuel Haug and Jan Thomson},
  booktitle = {Proceedings of the {BPM} Demo Track and {BPM} Dissertation Award co-located with 15th International Conference on Business Process Modeling {(BPM} 2017), Barcelona, Spain, September 13, 2017},
  title     = {The Proactive Insights Engine: Process Mining meets Machine Learning and Artificial Intelligence},
  year      = {2017},
  editor    = {Robert Claris{\'{o}} and Henrik Leopold and Jan Mendling and Wil M. P. van der Aalst and Akhil Kumar and Brian T. Pentland and Mathias Weske},
  publisher = {CEUR-WS.org},
  series    = {{CEUR} Workshop Proceedings},
  volume    = {1920},
  bibsource = {dblp computer science bibliography, https://dblp.org},
  biburl    = {https://dblp.org/rec/conf/bpm/VeitGMHT17.bib},
  timestamp = {Wed, 12 Feb 2020 16:44:57 +0100},
}

@InProceedings{DBLP:conf/caise/EvermannRF17,
  author    = {Joerg Evermann and Jana{-}Rebecca Rehse and Peter Fettke},
  booktitle = {Proceedings of the Forum and Doctoral Consortium Papers Presented at the 29th International Conference on Advanced Information Systems Engineering, CAiSE 2017, Essen, Germany, June 12-16, 2017},
  title     = {{XES} Tensorflow - Process Prediction using the Tensorflow Deep-Learning Framework},
  year      = {2017},
  editor    = {Xavier Franch and Jolita Ralyt{\'{e}} and Raimundas Matulevicius and Camille Salinesi and Roel J. Wieringa},
  pages     = {41--48},
  publisher = {CEUR-WS.org},
  series    = {{CEUR} Workshop Proceedings},
  volume    = {1848},
  bibsource = {dblp computer science bibliography, https://dblp.org},
  biburl    = {https://dblp.org/rec/conf/caise/EvermannRF17.bib},
  timestamp = {Wed, 12 Feb 2020 16:44:33 +0100},
}

@InProceedings{DBLP:conf/caise/EckLLA15,
  author    = {Maikel L. van Eck and Xixi Lu and Sander J. J. Leemans and Wil M. P. van der Aalst},
  booktitle = {Advanced Information Systems Engineering - 27th International Conference, CAiSE 2015, Stockholm, Sweden, June 8-12, 2015, Proceedings},
  title     = {{PM} {\^{}}2 : {A} Process Mining Project Methodology},
  year      = {2015},
  editor    = {Jelena Zdravkovic and Marite Kirikova and Paul Johannesson},
  pages     = {297--313},
  publisher = {Springer},
  series    = {Lecture Notes in Computer Science},
  volume    = {9097},
  bibsource = {dblp computer science bibliography, https://dblp.org},
  biburl    = {https://dblp.org/rec/conf/caise/EckLLA15.bib},
  timestamp = {Sat, 19 Oct 2019 20:20:17 +0200},
}

@InProceedings{DBLP:conf/caise/VerbeekBDA10a,
  author    = {Eric Verbeek and Joos C. A. M. Buijs and Boudewijn F. van Dongen and Wil M. P. van der Aalst},
  booktitle = {Proceedings of the CAiSE Forum 2010, Hammamet, Tunisia, June 9-11, 2010},
  title     = {{XES} Tools},
  year      = {2010},
  editor    = {Pnina Soffer and Erik Proper},
  publisher = {CEUR-WS.org},
  series    = {{CEUR} Workshop Proceedings},
  volume    = {592},
  bibsource = {dblp computer science bibliography, https://dblp.org},
  biburl    = {https://dblp.org/rec/conf/caise/VerbeekBDA10a.bib},
  timestamp = {Tue, 28 May 2019 16:23:31 +0200},
}

@InProceedings{DBLP:conf/bpm/AalstAM11,
  author    = {Wil M. P. van der Aalst and Arya Adriansyah and Ana Karla Alves de Medeiros and Franco Arcieri and Thomas Baier and Tobias Blickle and R. P. Jagadeesh Chandra Bose and Peter van den Brand and Ronald Brandtjen and Joos C. A. M. Buijs and Andrea Burattin and Josep Carmona and Mal{\'{u}} Castellanos and Jan Claes and Jonathan Cook and Nicola Costantini and Francisco Curbera and Ernesto Damiani and Massimiliano de Leoni and Pavlos Delias and Boudewijn F. van Dongen and Marlon Dumas and Schahram Dustdar and Dirk Fahland and Diogo R. Ferreira and Walid Gaaloul and Frank van Geffen and Sukriti Goel and Christian W. G{\"{u}}nther and Antonella Guzzo and Paul Harmon and Arthur H. M. ter Hofstede and John Hoogland and Jon Espen Ingvaldsen and Koki Kato and Rudolf Kuhn and Akhil Kumar and Marcello La Rosa and Fabrizio Maria Maggi and Donato Malerba and R. S. Mans and Alberto Manuel and Martin McCreesh and Paola Mello and Jan Mendling and Marco Montali and Hamid R. {Motahari Nezhad} and Michael zur Muehlen and Jorge Munoz{-}Gama and Luigi Pontieri and Joel Ribeiro and Anne Rozinat and Hugo Seguel P{\'{e}}rez and Ricardo Seguel P{\'{e}}rez and Marcos Sep{\'{u}}lveda and Jim Sinur and Pnina Soffer and Minseok Song and Alessandro Sperduti and Giovanni Stilo and Casper Stoel and Keith D. Swenson and Maurizio Talamo and Wei Tan and Chris Turner and Jan Vanthienen and George Varvaressos and Eric Verbeek and Marc Verdonk and Roberto Vigo and Jianmin Wang and Barbara Weber and Matthias Weidlich and Ton Weijters and Lijie Wen and Michael Westergaard and Moe Thandar Wynn},
  booktitle = {Business Process Management Workshops - {BPM} 2011 International Workshops, Clermont-Ferrand, France, August 29, 2011, Revised Selected Papers, Part {I}},
  title     = {Process Mining Manifesto},
  year      = {2011},
  editor    = {Florian Daniel and Kamel Barkaoui and Schahram Dustdar},
  pages     = {169--194},
  publisher = {Springer},
  series    = {Lecture Notes in Business Information Processing},
  volume    = {99},
  bibsource = {dblp computer science bibliography, https://dblp.org},
  biburl    = {https://dblp.org/rec/conf/bpm/AalstAM11.bib},
  timestamp = {Sat, 19 Oct 2019 20:23:17 +0200},
}

@Article{DBLP:journals/corr/WuSCLNMKCGMKSJL16,
  author        = {Yonghui Wu and Mike Schuster and Zhifeng Chen and Quoc V. Le and Mohammad Norouzi and Wolfgang Macherey and Maxim Krikun and Yuan Cao and Qin Gao and Klaus Macherey and Jeff Klingner and Apurva Shah and Melvin Johnson and Xiaobing Liu and Lukasz Kaiser and Stephan Gouws and Yoshikiyo Kato and Taku Kudo and Hideto Kazawa and Keith Stevens and George Kurian and Nishant Patil and Wei Wang and Cliff Young and Jason Smith and Jason Riesa and Alex Rudnick and Oriol Vinyals and Greg Corrado and Macduff Hughes and Jeffrey Dean},
  journal       = {CoRR},
  title         = {Google's Neural Machine Translation System: Bridging the Gap between Human and Machine Translation},
  year          = {2016},
  volume        = {abs/1609.08144},
  archiveprefix = {arXiv},
  bibsource     = {dblp computer science bibliography, https://dblp.org},
  biburl        = {https://dblp.org/rec/journals/corr/WuSCLNMKCGMKSJL16.bib},
  eprint        = {1609.08144},
  timestamp     = {Thu, 14 Mar 2019 09:34:18 +0100},
}

@Article{DBLP:journals/corr/BritzGLL17,
  author        = {Denny Britz and Anna Goldie and Minh{-}Thang Luong and Quoc V. Le},
  journal       = {CoRR},
  title         = {Massive Exploration of Neural Machine Translation Architectures},
  year          = {2017},
  volume        = {abs/1703.03906},
  archiveprefix = {arXiv},
  bibsource     = {dblp computer science bibliography, https://dblp.org},
  biburl        = {https://dblp.org/rec/journals/corr/BritzGLL17.bib},
  eprint        = {1703.03906},
  timestamp     = {Mon, 13 Aug 2018 16:46:07 +0200},
}

@InProceedings{DBLP:conf/emnlp/ChoMGBBSB14,
  author    = {Kyunghyun Cho and Bart van Merrienboer and {\c{C}}aglar G{\"{u}}l{\c{c}}ehre and Dzmitry Bahdanau and Fethi Bougares and Holger Schwenk and Yoshua Bengio},
  booktitle = {Proceedings of the 2014 Conference on Empirical Methods in Natural Language Processing, {EMNLP} 2014, October 25-29, 2014, Doha, Qatar, {A} meeting of SIGDAT, a Special Interest Group of the {ACL}},
  title     = {Learning Phrase Representations using {RNN} Encoder-Decoder for Statistical Machine Translation},
  year      = {2014},
  editor    = {Alessandro Moschitti and Bo Pang and Walter Daelemans},
  pages     = {1724--1734},
  publisher = {{ACL}},
  bibsource = {dblp computer science bibliography, https://dblp.org},
  biburl    = {https://dblp.org/rec/conf/emnlp/ChoMGBBSB14.bib},
  timestamp = {Tue, 28 Jan 2020 10:28:17 +0100},
}

@InProceedings{DBLP:conf/icml/PascanuMB13,
  author    = {Razvan Pascanu and Tomas Mikolov and Yoshua Bengio},
  booktitle = {Proceedings of the 30th International Conference on Machine Learning, {ICML} 2013, Atlanta, GA, USA, 16-21 June 2013},
  title     = {On the difficulty of training recurrent neural networks},
  year      = {2013},
  pages     = {1310--1318},
  publisher = {JMLR.org},
  series    = {{JMLR} Workshop and Conference Proceedings},
  volume    = {28},
  bibsource = {dblp computer science bibliography, https://dblp.org},
  biburl    = {https://dblp.org/rec/conf/icml/PascanuMB13.bib},
  timestamp = {Wed, 29 May 2019 08:41:46 +0200},
}

@Article{DBLP:journals/tnn/GreffSKSS17,
  author    = {Klaus Greff and Rupesh Kumar Srivastava and Jan Koutn{\'{\i}}k and Bas R. Steunebrink and J{\"{u}}rgen Schmidhuber},
  journal   = {{IEEE} Trans. Neural Networks Learn. Syst.},
  title     = {{LSTM:} {A} Search Space Odyssey},
  year      = {2017},
  number    = {10},
  pages     = {2222--2232},
  volume    = {28},
  bibsource = {dblp computer science bibliography, https://dblp.org},
  biburl    = {https://dblp.org/rec/journals/tnn/GreffSKSS17.bib},
  timestamp = {Mon, 09 Mar 2020 15:51:56 +0100},
}

@Article{DBLP:journals/neco/GersSC00,
  author    = {Felix A. Gers and J{\"{u}}rgen Schmidhuber and Fred A. Cummins},
  journal   = {Neural Computation},
  title     = {Learning to Forget: Continual Prediction with {LSTM}},
  year      = {2000},
  number    = {10},
  pages     = {2451--2471},
  volume    = {12},
  bibsource = {dblp computer science bibliography, https://dblp.org},
  biburl    = {https://dblp.org/rec/journals/neco/GersSC00.bib},
  timestamp = {Wed, 14 Nov 2018 10:31:08 +0100},
}

@Article{DBLP:journals/neco/HochreiterS97,
  author    = {Sepp Hochreiter and J{\"{u}}rgen Schmidhuber},
  journal   = {Neural Computation},
  title     = {Long Short-Term Memory},
  year      = {1997},
  number    = {8},
  pages     = {1735--1780},
  volume    = {9},
  bibsource = {dblp computer science bibliography, https://dblp.org},
  biburl    = {https://dblp.org/rec/journals/neco/HochreiterS97.bib},
  timestamp = {Wed, 14 Nov 2018 10:31:22 +0100},
}

@InProceedings{DBLP:conf/scsc/Aalst18,
  author    = {Wil M. P. van der Aalst},
  booktitle = {Proceedings of the 50th Computer Simulation Conference, SummerSim 2018, Bordeaux, France, July 09-12, 2018},
  title     = {Process mining and simulation: a match made in heaven!},
  year      = {2018},
  pages     = {4:1--4:12},
  publisher = {{ACM}},
  bibsource = {dblp computer science bibliography, https://dblp.org},
  biburl    = {https://dblp.org/rec/conf/scsc/Aalst18.bib},
  timestamp = {Thu, 06 Sep 2018 10:11:18 +0200},
}

@misc{celonis,
	author = {Ryan Browne},
	year = {2019},
	title = {How three friends turned a college project into a \$2.5 billion software unicorn},
	url = {https://web.archive.org/web/20200125191917/https://www.cnbc.com/2019/11/21/celonis-raises-290m-series-c-funding-round-at-2point5b-valuation.html},
	note = {Accessed = 2020-04-20} 
}

@Book{DBLP:books/sp/Aalst16,
  author    = {Wil M. P. van der Aalst},
  publisher = {Springer},
  title     = {Process Mining - Data Science in Action, Second Edition},
  year      = {2016},
  bibsource = {dblp computer science bibliography, https://dblp.org},
  biburl    = {https://dblp.org/rec/books/sp/Aalst16.bib},
  timestamp = {Wed, 14 Nov 2018 10:12:22 +0100},
}

@InProceedings{DBLP:conf/caise/TaxVRD17,
  author    = {Niek Tax and Ilya Verenich and Marcello La Rosa and Marlon Dumas},
  booktitle = {Advanced Information Systems Engineering - 29th International Conference, CAiSE 2017, Essen, Germany, June 12-16, 2017, Proceedings},
  title     = {Predictive Business Process Monitoring with {LSTM} Neural Networks},
  year      = {2017},
  editor    = {Eric Dubois and Klaus Pohl},
  pages     = {477--492},
  publisher = {Springer},
  series    = {Lecture Notes in Computer Science},
  volume    = {10253},
  bibsource = {dblp computer science bibliography, https://dblp.org},
  biburl    = {https://dblp.org/rec/conf/caise/TaxVRD17.bib},
  comment   = {Generalized LSTM-based prediciton},
  keywords  = {rank5},
  ranking   = {rank5},
  timestamp = {Tue, 14 May 2019 10:00:36 +0200},
}

@InProceedings{DBLP:conf/ssci/NavarinVPS17,
  author    = {Nicol{\`{o}} Navarin and Beatrice Vincenzi and Mirko Polato and Alessandro Sperduti},
  booktitle = {2017 {IEEE} Symposium Series on Computational Intelligence, {SSCI} 2017, Honolulu, HI, USA, November 27 - Dec. 1, 2017},
  title     = {{LSTM} networks for data-aware remaining time prediction of business process instances},
  year      = {2017},
  pages     = {1--7},
  publisher = {{IEEE}},
  bibsource = {dblp computer science bibliography, https://dblp.org},
  biburl    = {https://dblp.org/rec/conf/ssci/NavarinVPS17.bib},
  comment   = {Predicting using aadditional data of log and LSTM network},
  keywords  = {rank5},
  ranking   = {rank5},
  timestamp = {Wed, 16 Oct 2019 14:14:56 +0200},
}

@InProceedings{DBLP:conf/icml/LeM14,
  author    = {Quoc V. Le and Tomas Mikolov},
  booktitle = {Proceedings of the 31th International Conference on Machine Learning, {ICML} 2014, Beijing, China, 21-26 June 2014},
  title     = {Distributed Representations of Sentences and Documents},
  year      = {2014},
  pages     = {1188--1196},
  publisher = {JMLR.org},
  series    = {{JMLR} Workshop and Conference Proceedings},
  volume    = {32},
  bibsource = {dblp computer science bibliography, https://dblp.org},
  biburl    = {https://dblp.org/rec/conf/icml/LeM14.bib},
  comment   = {Unsupervised learning algorithm for vector representation of variable length texts},
  keywords  = {rank5},
  ranking   = {rank5},
  timestamp = {Wed, 29 May 2019 08:41:46 +0200},
}

@Article{DBLP:journals/computing/PolatoSBL18,
  author    = {Mirko Polato and Alessandro Sperduti and Andrea Burattin and Massimiliano de Leoni},
  journal   = {Computing},
  title     = {Time and activity sequence prediction of business process instances},
  year      = {2018},
  number    = {9},
  pages     = {1005--1031},
  volume    = {100},
  bibsource = {dblp computer science bibliography, https://dblp.org},
  biburl    = {https://dblp.org/rec/journals/computing/PolatoSBL18.bib},
  comment   = {Time and activity prediction using regression (1), regression with contextual information (2) and data-aware transition system (3)},
  keywords  = {rank5},
  ranking   = {rank5},
  timestamp = {Sat, 19 Oct 2019 19:21:53 +0200},
}

@InProceedings{DBLP:conf/caise/MaggiFDG14,
  author    = {Fabrizio Maria Maggi and Chiara Di Francescomarino and Marlon Dumas and Chiara Ghidini},
  booktitle = {Advanced Information Systems Engineering - 26th International Conference, CAiSE 2014, Thessaloniki, Greece, June 16-20, 2014. Proceedings},
  title     = {Predictive Monitoring of Business Processes},
  year      = {2014},
  editor    = {Matthias Jarke and John Mylopoulos and Christoph Quix and Colette Rolland and Yannis Manolopoulos and Haralambos Mouratidis and Jennifer Horkoff},
  pages     = {457--472},
  publisher = {Springer},
  series    = {Lecture Notes in Computer Science},
  volume    = {8484},
  bibsource = {dblp computer science bibliography, https://dblp.org},
  biburl    = {https://dblp.org/rec/conf/caise/MaggiFDG14.bib},
  comment   = {Process  monitoring and prediction using LTL rules},
  keywords  = {rank5},
  ranking   = {rank5},
  timestamp = {Fri, 27 Dec 2019 21:25:01 +0100},
}

@Article{DBLP:journals/is/AalstSS11,
  author    = {Wil M. P. van der Aalst and M. H. Schonenberg and Minseok Song},
  journal   = {Inf. Syst.},
  title     = {Time prediction based on process mining},
  year      = {2011},
  number    = {2},
  pages     = {450--475},
  volume    = {36},
  bibsource = {dblp computer science bibliography, https://dblp.org},
  biburl    = {https://dblp.org/rec/journals/is/AalstSS11.bib},
  comment   = {Use of annotated transition system to predict runtime of a case},
  keywords  = {rank5},
  ranking   = {rank5},
  timestamp = {Wed, 14 Nov 2018 10:26:47 +0100},
}

@InProceedings{DBLP:conf/bpm/EvermannRF16,
  author    = {Joerg Evermann and Jana{-}Rebecca Rehse and Peter Fettke},
  booktitle = {Business Process Management Workshops - {BPM} 2016 International Workshops, Rio de Janeiro, Brazil, September 19, 2016, Revised Papers},
  title     = {A Deep Learning Approach for Predicting Process Behaviour at Runtime},
  year      = {2016},
  editor    = {Marlon Dumas and Marcelo Fantinato},
  pages     = {327--338},
  series    = {Lecture Notes in Business Information Processing},
  volume    = {281},
  bibsource = {dblp computer science bibliography, https://dblp.org},
  biburl    = {https://dblp.org/rec/conf/bpm/EvermannRF16.bib},
  comment   = {Use of LSTM to predict runtime of a case},
  keywords  = {rank5},
  ranking   = {rank5},
  timestamp = {Fri, 02 Nov 2018 09:44:24 +0100},
}

@InProceedings{DBLP:conf/otm/DongenCA08,
  author    = {Boudewijn F. van Dongen and R. A. Crooy and Wil M. P. van der Aalst},
  booktitle = {On the Move to Meaningful Internet Systems: {OTM} 2008, {OTM} 2008 Confederated International Conferences, CoopIS, DOA, GADA, IS, and {ODBASE} 2008, Monterrey, Mexico, November 9-14, 2008, Proceedings, Part {I}},
  title     = {Cycle Time Prediction: When Will This Case Finally Be Finished?},
  year      = {2008},
  editor    = {Robert Meersman and Zahir Tari},
  pages     = {319--336},
  publisher = {Springer},
  series    = {Lecture Notes in Computer Science},
  volume    = {5331},
  bibsource = {dblp computer science bibliography, https://dblp.org},
  biburl    = {https://dblp.org/rec/conf/otm/DongenCA08.bib},
  comment   = {Use of regerssion to predict runtime of a case},
  keywords  = {rank5},
  ranking   = {rank5},
  timestamp = {Tue, 14 May 2019 10:00:54 +0200},
}

@InProceedings{DBLP:conf/ijcnn/PolatoSBL14,
  author    = {Mirko Polato and Alessandro Sperduti and Andrea Burattin and Massimiliano de Leoni},
  booktitle = {2014 International Joint Conference on Neural Networks, {IJCNN} 2014, Beijing, China, July 6-11, 2014},
  title     = {Data-aware remaining time prediction of business process instances},
  year      = {2014},
  pages     = {816--823},
  publisher = {{IEEE}},
  bibsource = {dblp computer science bibliography, https://dblp.org},
  biburl    = {https://dblp.org/rec/conf/ijcnn/PolatoSBL14.bib},
  keywords  = {rank5},
  ranking   = {rank5},
  timestamp = {Sat, 19 Oct 2019 20:17:29 +0200},
}

@InProceedings{DBLP:conf/bpm/TeinemaaDMF16,
  author    = {Irene Teinemaa and Marlon Dumas and Fabrizio Maria Maggi and Chiara Di Francescomarino},
  booktitle = {Business Process Management - 14th International Conference, {BPM} 2016, Rio de Janeiro, Brazil, September 18-22, 2016. Proceedings},
  title     = {Predictive Business Process Monitoring with Structured and Unstructured Data},
  year      = {2016},
  editor    = {Marcello La Rosa and Peter Loos and Oscar Pastor},
  pages     = {401--417},
  publisher = {Springer},
  series    = {Lecture Notes in Computer Science},
  volume    = {9850},
  bibsource = {dblp computer science bibliography, https://dblp.org},
  biburl    = {https://dblp.org/rec/conf/bpm/TeinemaaDMF16.bib},
  keywords  = {rank5},
  ranking   = {rank5},
  timestamp = {Tue, 14 May 2019 10:00:37 +0200},
}

@Comment{jabref-meta: \cite{DBLP:
conf/caise/}databaseType:bibtex;
}

@Comment{jabref-meta: databaseType:bibtex;}
